<record><leader>00000cas a22000007a 4500</leader><controlfield tag="001">22164823</controlfield><controlfield tag="008">900801u1980uuuupr mr ne      0    0spa d</controlfield><datafield ind1=" " ind2=" " tag="010"><subfield code="a">sn 90070191 </subfield></datafield><datafield ind1=" " ind2=" " tag="040"><subfield code="a">PNN</subfield><subfield code="b">eng</subfield><subfield code="c">PNN</subfield><subfield code="d">OCLCQ</subfield></datafield><datafield ind1=" " ind2=" " tag="042"><subfield code="a">msc</subfield></datafield><datafield ind1="0" ind2="3" tag="245"><subfield code="a">El terrun&#771;o.</subfield></datafield><datafield ind1=" " ind2=" " tag="260"><subfield code="a">San Juan, P.R. :</subfield><subfield code="b">Oficina de Informacio&#769;n y Comunicaciones del Departamento de Agricultura</subfield></datafield><datafield ind1=" " ind2=" " tag="300"><subfield code="a">v.</subfield></datafield><datafield ind1=" " ind2=" " tag="310"><subfield code="a">Monthly</subfield></datafield><datafield ind1="1" ind2=" " tag="362"><subfield code="a">Began in 1980?</subfield></datafield><datafield ind1=" " ind2=" " tag="588"><subfield code="a">Description based on: Vol. 3, nu&#769;m. 4 (Jun. 1983).</subfield></datafield><datafield ind1=" " ind2=" " tag="752"><subfield code="a">United States</subfield><subfield code="b">Puerto Rico</subfield><subfield code="d">San Juan.</subfield></datafield><datafield ind1="1" ind2=" " tag="029"><subfield code="a">AU@</subfield><subfield code="b">000025881212</subfield></datafield></record>